<record><leader>00000cas a2200000 a 4500</leader><controlfield tag="001">35559888</controlfield><controlfield tag="008">960914d19431957iluwr ne      0   a0eng c</controlfield><datafield ind1=" " ind2=" " tag="010"><subfield code="a">sn 96070076 </subfield></datafield><datafield ind1=" " ind2=" " tag="040"><subfield code="a">CVF</subfield><subfield code="b">eng</subfield><subfield code="c">CVF</subfield><subfield code="d">OCLCQ</subfield><subfield code="d">OCLCF</subfield><subfield code="d">OCLCO</subfield><subfield code="d">NVF</subfield><subfield code="d">OCLCO</subfield></datafield><datafield ind1=" " ind2=" " tag="042"><subfield code="a">pcc</subfield></datafield><datafield ind1=" " ind2=" " tag="043"><subfield code="a">n-us-il</subfield></datafield><datafield ind1="0" ind2="0" tag="245"><subfield code="a">North Side Sunday star.</subfield></datafield><datafield ind1="3" ind2=" " tag="246"><subfield code="a">Northside Sunday star</subfield></datafield><datafield ind1=" " ind2=" " tag="260"><subfield code="a">Chicago [Ill.] :</subfield><subfield code="b">A.O. Caplan,</subfield><subfield code="c">1943-1957.</subfield></datafield><datafield ind1=" " ind2=" " tag="300"><subfield code="a">v.</subfield></datafield><datafield ind1=" " ind2=" " tag="310"><subfield code="a">Weekly,</subfield><subfield code="b">Nov. 2, 1947-Mar. 3, 1957</subfield></datafield><datafield ind1=" " ind2=" " tag="321"><subfield code="a">Semiweekly,</subfield><subfield code="b">Feb. 21, 1943-Oct. 26, 1947</subfield></datafield><datafield ind1="0" ind2=" " tag="362"><subfield code="a">Vol. 23, no. 135 (Feb. 21, 1943)-v. 37, no. 17 (Mar. 3, 1957).</subfield></datafield><datafield ind1=" " ind2=" " tag="500"><subfield code="a">"Sunday edition of the Edgewater News, North Town News, Ravenswood-Lincolnite, Rogers Park News, Sauganash Star, Uptown News."</subfield></datafield><datafield ind1=" " ind2="0" tag="650"><subfield code="a">Community newspapers</subfield><subfield code="z">Illinois</subfield><subfield code="z">Chicago.</subfield></datafield><datafield ind1=" " ind2="0" tag="651"><subfield code="a">Edgewater (Chicago, Ill.)</subfield><subfield code="v">Newspapers.</subfield></datafield><datafield ind1=" " ind2="0" tag="651"><subfield code="a">Old Town (Chicago, Ill.)</subfield><subfield code="v">Newspapers.</subfield></datafield><datafield ind1=" " ind2="0" tag="651"><subfield code="a">Ravenswood (Chicago, Ill.)</subfield><subfield code="v">Newspapers.</subfield></datafield><datafield ind1=" " ind2="0" tag="651"><subfield code="a">Lincoln Square (Chicago, Ill.)</subfield><subfield code="v">Newspapers.</subfield></datafield><datafield ind1=" " ind2="0" tag="651"><subfield code="a">Rogers Park (Chicago, Ill.)</subfield><subfield code="v">Newspapers.</subfield></datafield><datafield ind1=" " ind2="0" tag="651"><subfield code="a">Sauganash (Chicago, Ill.)</subfield><subfield code="v">Newspapers.</subfield></datafield><datafield ind1=" " ind2="0" tag="651"><subfield code="a">Uptown (Chicago, Ill.)</subfield><subfield code="v">Newspapers.</subfield></datafield><datafield ind1=" " ind2="0" tag="651"><subfield code="a">North Side (Chicago, Ill.)</subfield><subfield code="v">Newspapers.</subfield></datafield><datafield ind1=" " ind2="7" tag="655"><subfield code="a">Newspapers.</subfield><subfield code="2">fast</subfield><subfield code="0">(OCoLC)fst01423814</subfield></datafield><datafield ind1=" " ind2=" " tag="752"><subfield code="a">United States</subfield><subfield code="b">Illinois</subfield><subfield code="c">Cook</subfield><subfield code="d">Chicago.</subfield></datafield><datafield ind1="0" ind2=" " tag="775"><subfield code="t">Edgewater news</subfield><subfield code="w">(DLC)sn 96070036</subfield><subfield code="w">(OCoLC)35454070</subfield></datafield><datafield ind1="0" ind2=" " tag="775"><subfield code="t">North Town news</subfield><subfield code="w">(DLC)sn 91055367</subfield><subfield code="w">(OCoLC)23955006</subfield></datafield><datafield ind1="0" ind2=" " tag="775"><subfield code="t">Ravenswood-Lincolnite</subfield><subfield code="w">(DLC)sn 94054667</subfield><subfield code="w">(OCoLC)30017815</subfield></datafield><datafield ind1="0" ind2=" " tag="775"><subfield code="t">Rogers Park news and Howard news</subfield><subfield code="w">(DLC)sn 96070042</subfield><subfield code="w">(OCoLC)35455099</subfield></datafield><datafield ind1="0" ind2=" " tag="775"><subfield code="t">Sauganash star and North Town news</subfield><subfield code="w">(DLC)sn 96070079</subfield><subfield code="w">(OCoLC)35678729</subfield></datafield><datafield ind1="0" ind2=" " tag="775"><subfield code="t">Uptown news (Chicago, Ill. : 1943)</subfield><subfield code="w">(DLC)sn 96070050</subfield><subfield code="w">(OCoLC)35453488</subfield></datafield><datafield ind1="0" ind2="0" tag="785"><subfield code="t">Sunday star (Chicago, Ill. : 1957)</subfield><subfield code="w">(DLC)sn 96070076</subfield><subfield code="w">(OCoLC)35588235</subfield></datafield></record>